@book{haykin1994neural,
  title={Neural networks: a comprehensive foundation},
  author={Haykin, Simon},
  year={1994},
  publisher={Prentice Hall PTR}
}

@article{Huang2020TabTransformerTD,
  title={TabTransformer: Tabular Data Modeling Using Contextual Embeddings},
  author={Xin Huang and Ashish Khetan and Milan W. Cvitkovic and Zohar S. Karnin},
  journal={ArXiv},
  year={2020},
  volume={abs/2012.06678}
}

@article{Liu2021PayAT,
  title={Pay Attention to MLPs},
  author={Hanxiao Liu and Zihang Dai and David R. So and Quoc V. Le},
  journal={ArXiv},
  year={2021},
  volume={abs/2105.08050}
}

@inproceedings{vaswani2017attention,
  title={Attention is all you need},
  author={Vaswani, Ashish and Shazeer, Noam and Parmar, Niki and Uszkoreit, Jakob and Jones, Llion and Gomez, Aidan N and Kaiser, {\L}ukasz and Polosukhin, Illia},
  booktitle={Advances in neural information processing systems},
  pages={5998--6008},
  year={2017}
}

@article{fiedler2021simple,
  title={Simple modifications to improve tabular neural networks},
  author={Fiedler, James},
  journal={arXiv preprint arXiv:2108.03214},
  year={2021}
}

@inproceedings{chen2016xgboost,
  title={Xgboost: A scalable tree boosting system},
  author={Chen, Tianqi and Guestrin, Carlos},
  booktitle={Proceedings of the 22nd acm sigkdd international conference on knowledge discovery and data mining},
  pages={785--794},
  year={2016}
}

@article{arik1908tabnet,
  title={Tabnet: Attentive interpretable tabular learning. arXiv 2019},
  author={Arik, SO and Pfister, T},
  journal={arXiv preprint arXiv:1908.07442}
}

@article{bradley1997use,
  title={The use of the area under the ROC curve in the evaluation of machine learning algorithms},
  author={Bradley, Andrew P},
  journal={Pattern recognition},
  volume={30},
  number={7},
  pages={1145--1159},
  year={1997},
  publisher={Elsevier}
}

@article{xu2015empirical,
  title={Empirical evaluation of rectified activations in convolutional network},
  author={Xu, Bing and Wang, Naiyan and Chen, Tianqi and Li, Mu},
  journal={arXiv preprint arXiv:1505.00853},
  year={2015}
}

@article{cholakov2021transformers,
  title={Transformers predicting the future. Applying attention in next-frame and time series forecasting},
  author={Cholakov, Radostin and Kolev, Todor},
  journal={arXiv preprint arXiv:2108.08224},
  year={2021}
}

@article{abutbul2020dnf,
  title={DNF-Net: A Neural Architecture for Tabular Data},
  author={Abutbul, Ami and Elidan, Gal and Katzir, Liran and El-Yaniv, Ran},
  journal={arXiv preprint arXiv:2006.06465},
  year={2020}
}

@inproceedings{de2015deep,
  title={Deep neural networks for anatomical brain segmentation},
  author={de Brebisson, Alexander and Montana, Giovanni},
  booktitle={Proceedings of the IEEE conference on computer vision and pattern recognition workshops},
  pages={20--28},
  year={2015}
}

@inproceedings{song2019autoint,
  title={Autoint: Automatic feature interaction learning via self-attentive neural networks},
  author={Song, Weiping and Shi, Chence and Xiao, Zhiping and Duan, Zhijian and Xu, Yewen and Zhang, Ming and Tang, Jian},
  booktitle={Proceedings of the 28th ACM International Conference on Information and Knowledge Management},
  pages={1161--1170},
  year={2019}
}

@inproceedings{li2020interpretable,
  title={Interpretable click-through rate prediction through hierarchical attention},
  author={Li, Zeyu and Cheng, Wei and Chen, Yang and Chen, Haifeng and Wang, Wei},
  booktitle={Proceedings of the 13th International Conference on Web Search and Data Mining},
  pages={313--321},
  year={2020}
}

@article{sun2019deepenfm,
  title={DeepEnFM: Deep neural networks with Encoder enhanced Factorization Machine},
  author={Sun, Qiang and Cheng, Zhinan and Fu, Yanwei and Wang, Wenxuan and Jiang, Yu-Gang and Xue, Xiangyang},
  year={2019}
}

@inproceedings{kadra2021well,
  title={Well-tuned Simple Nets Excel on Tabular Datasets},
  author={Kadra, Arlind and Lindauer, Marius and Hutter, Frank and Grabocka, Josif},
  booktitle={Thirty-Fifth Conference on Neural Information Processing Systems},
  year={2021}
}

@inproceedings{sandler2018mobilenetv2,
  title={Mobilenetv2: Inverted residuals and linear bottlenecks},
  author={Sandler, Mark and Howard, Andrew and Zhu, Menglong and Zhmoginov, Andrey and Chen, Liang-Chieh},
  booktitle={Proceedings of the IEEE conference on computer vision and pattern recognition},
  pages={4510--4520},
  year={2018}
}

% FUTURE WORK

@article{elsken2019neural,
  title={Neural architecture search: A survey},
  author={Elsken, Thomas and Metzen, Jan Hendrik and Hutter, Frank},
  journal={The Journal of Machine Learning Research},
  volume={20},
  number={1},
  pages={1997--2017},
  year={2019},
  publisher={JMLR. org}
}

@inproceedings{so2019evolved,
  title={The evolved transformer},
  author={So, David and Le, Quoc and Liang, Chen},
  booktitle={International Conference on Machine Learning},
  pages={5877--5886},
  year={2019},
  organization={PMLR}
}

@article{yin2020tabert,
  title={TaBERT: Pretraining for joint understanding of textual and tabular data},
  author={Yin, Pengcheng and Neubig, Graham and Yih, Wen-tau and Riedel, Sebastian},
  journal={arXiv preprint arXiv:2005.08314},
  year={2020}
}

@inproceedings{padhi2021tabular,
  title={Tabular transformers for modeling multivariate time series},
  author={Padhi, Inkit and Schiff, Yair and Melnyk, Igor and Rigotti, Mattia and Mroueh, Youssef and Dognin, Pierre and Ross, Jerret and Nair, Ravi and Altman, Erik},
  booktitle={ICASSP 2021-2021 IEEE International Conference on Acoustics, Speech and Signal Processing (ICASSP)},
  pages={3565--3569},
  year={2021},
  organization={IEEE}
}

% SOFTWARE USED

@incollection{NEURIPS2019_9015,
title = {PyTorch: An Imperative Style, High-Performance Deep Learning Library},
author = {Paszke et al.},
booktitle = {Advances in Neural Information Processing Systems 32},
pages = {8024--8035},
year = {2019},
publisher = {Curran Associates, Inc.},
}

@article{scikit-learn,
 title={Scikit-learn: Machine Learning in {P}ython},
 author={Pedregosa, F. and Varoquaux, G. and Gramfort, A. and Michel, V.
         and Thirion, B. and Grisel, O. and Blondel, M. and Prettenhofer, P.
         and Weiss, R. and Dubourg, V. and Vanderplas, J. and Passos, A. and
         Cournapeau, D. and Brucher, M. and Perrot, M. and Duchesnay, E.},
 journal={Journal of Machine Learning Research},
 volume={12},
 pages={2825--2830},
 year={2011}
}

@InProceedings{ mckinney-proc-scipy-2010,
  author    = { {W}es {M}c{K}inney },
  title     = { {D}ata {S}tructures for {S}tatistical {C}omputing in {P}ython },
  booktitle = { {P}roceedings of the 9th {P}ython in {S}cience {C}onference },
  pages     = { 56 - 61 },
  year      = { 2010 },
  editor    = { {S}t\'efan van der {W}alt and {J}arrod {M}illman },
  doi       = { 10.25080/Majora-92bf1922-00a }
}

@article{Waskom2021,
    doi = {10.21105/joss.03021},
    url = {https://doi.org/10.21105/joss.03021},
    year = {2021},
    publisher = {The Open Journal},
    volume = {6},
    number = {60},
    pages = {3021},
    author = {Michael L. Waskom},
    title = {seaborn: statistical data visualization},
    journal = {Journal of Open Source Software}
 }
 
 @Article{Hunter:2007,
  Author    = {Hunter, J. D.},
  Title     = {Matplotlib: A 2D graphics environment},
  Journal   = {Computing in Science \& Engineering},
  Volume    = {9},
  Number    = {3},
  Pages     = {90--95},
  abstract  = {Matplotlib is a 2D graphics package used for Python for
  application development, interactive scripting, and publication-quality
  image generation across user interfaces and operating systems.},
  publisher = {IEEE COMPUTER SOC},
  doi       = {10.1109/MCSE.2007.55},
  year      = 2007
}

@misc{cuda,
  author={NVIDIA and Vingelmann, PÃ©ter and Fitzek, Frank H.P.},
  title={CUDA, release: 10.2.89},
  year={2020},
  url={https://developer.nvidia.com/cuda-toolkit},
}

@article{liaw2018tune,
    title={Tune: A Research Platform for Distributed Model Selection and Training},
    author={Liaw, Richard and Liang, Eric and Nishihara, Robert
            and Moritz, Philipp and Gonzalez, Joseph E and Stoica, Ion},
    journal={arXiv preprint arXiv:1807.05118},
    year={2018}
}